<record><leader>00000nas a2200000 i 4500</leader><controlfield tag="001">965440156</controlfield><controlfield tag="006">m     o  d        </controlfield><controlfield tag="007">cr |||||||||||</controlfield><controlfield tag="008">161207d18591877vtuwr neo     0   a0eng  </controlfield><datafield ind1=" " ind2=" " tag="010"><subfield code="a">  2016271251</subfield></datafield><datafield ind1=" " ind2=" " tag="040"><subfield code="a">DLC</subfield><subfield code="b">eng</subfield><subfield code="e">rda</subfield><subfield code="c">DLC</subfield></datafield><datafield ind1="0" ind2=" " tag="022"><subfield code="a">2475-2819</subfield><subfield code="2">1</subfield></datafield><datafield ind1=" " ind2=" " tag="042"><subfield code="a">pcc</subfield><subfield code="a">nsdp</subfield></datafield><datafield ind1=" " ind2=" " tag="043"><subfield code="a">n-us-vt</subfield></datafield><datafield ind1="1" ind2="0" tag="050"><subfield code="a">ISSN RECORD</subfield></datafield><datafield ind1="1" ind2="0" tag="082"><subfield code="a">071</subfield><subfield code="2">23</subfield></datafield><datafield ind1="0" ind2=" " tag="130"><subfield code="a">Rutland weekly herald (Rutland, Vt. : 1859)</subfield></datafield><datafield ind1=" " ind2="0" tag="222"><subfield code="a">Rutland weekly herald</subfield><subfield code="b">(Rutland, Vt. 1859. Online)</subfield></datafield><datafield ind1="1" ind2="0" tag="245"><subfield code="a">Rutland weekly herald.</subfield></datafield><datafield ind1="1" ind2="3" tag="246"><subfield code="a">Rutland herald</subfield></datafield><datafield ind1=" " ind2="1" tag="264"><subfield code="a">Rutland, VT. :</subfield><subfield code="b">Geo. A. Tuttle &amp; Co.</subfield></datafield><datafield ind1=" " ind2=" " tag="300"><subfield code="a">1 online resource</subfield></datafield><datafield ind1=" " ind2=" " tag="310"><subfield code="a">Weekly</subfield></datafield><datafield ind1=" " ind2=" " tag="336"><subfield code="a">text</subfield><subfield code="b">txt</subfield><subfield code="2">rdacontent</subfield></datafield><datafield ind1=" " ind2=" " tag="337"><subfield code="a">computer</subfield><subfield code="b">c</subfield><subfield code="2">rdamedia</subfield></datafield><datafield ind1=" " ind2=" " tag="338"><subfield code="a">online resource</subfield><subfield code="b">cr</subfield><subfield code="2">rdacarrier</subfield></datafield><datafield ind1="1" ind2=" " tag="362"><subfield code="a">Began January 6, 1859; ceased in August 1877.</subfield></datafield><datafield ind1=" " ind2=" " tag="500"><subfield code="a">"Weekly" appears in title ornament, Jan. 20, 1859-</subfield></datafield><datafield ind1=" " ind2=" " tag="500"><subfield code="a">Publisher: The Herald Association, &lt;September 28-November 30, 1876&gt;.</subfield></datafield><datafield ind1=" " ind2=" " tag="530"><subfield code="a">Also issued on microfilm from the Library of Congress, Photoduplication Service.</subfield></datafield><datafield ind1=" " ind2=" " tag="580"><subfield code="a">Daily ed.: Rutland daily herald (Rutland, Vt. : 1861), &lt;1861-1876&gt;.</subfield></datafield><datafield ind1=" " ind2=" " tag="580"><subfield code="a">Merged with: Rutland weekly globe to form: Rutland weekly herald &amp; globe.</subfield></datafield><datafield ind1=" " ind2=" " tag="588"><subfield code="a">Description based on: Volume 67, Number 1 (January 3, 1861); title from masthead (Chroniclingamerica.loc.gov, viewed December 7, 2016).</subfield></datafield><datafield ind1=" " ind2=" " tag="588"><subfield code="a">Latest issue consulted: Vol 82, No. 48 (November 30, 1876) (Chroniclingamerica.loc.gov, viewed December 7, 2016).</subfield></datafield><datafield ind1=" " ind2="0" tag="651"><subfield code="a">Rutland (Vt. : Town)</subfield><subfield code="v">Newspapers.</subfield></datafield><datafield ind1=" " ind2="0" tag="651"><subfield code="a">Rutland County (Vt.)</subfield><subfield code="v">Newspapers.</subfield></datafield><datafield ind1=" " ind2="0" tag="651"><subfield code="a">Vermont</subfield><subfield code="v">Newspapers.</subfield></datafield><datafield ind1=" " ind2="7" tag="651"><subfield code="a">Vermont.</subfield><subfield code="2">fast</subfield><subfield code="0">(OCoLC)fst01204305</subfield></datafield><datafield ind1=" " ind2="7" tag="651"><subfield code="a">Vermont</subfield><subfield code="z">Rutland County.</subfield><subfield code="2">fast</subfield><subfield code="0">(OCoLC)fst01211879</subfield></datafield><datafield ind1=" " ind2="7" tag="651"><subfield code="a">Vermont</subfield><subfield code="z">Rutland (Town)</subfield><subfield code="2">fast</subfield><subfield code="0">(OCoLC)fst01331936</subfield></datafield><datafield ind1=" " ind2="7" tag="655"><subfield code="a">Newspapers.</subfield><subfield code="2">fast</subfield><subfield code="0">(OCoLC)fst01423814</subfield></datafield><datafield ind1=" " ind2=" " tag="752"><subfield code="a">United States</subfield><subfield code="b">Vermont</subfield><subfield code="c">Rutland</subfield><subfield code="d">Rutland.</subfield></datafield><datafield ind1="1" ind2=" " tag="775"><subfield code="t">Rutland daily herald (Rutland, Vt. : 1861)</subfield></datafield><datafield ind1="0" ind2="8" tag="776"><subfield code="i">Originally issued in print:</subfield><subfield code="t">Rutland weekly herald (Rutland, Vt. : 1859) 2475-2800</subfield><subfield code="w">(DLC)sn 84022367</subfield><subfield code="w">(OCoLC)2267361</subfield></datafield><datafield ind1="0" ind2="0" tag="780"><subfield code="t">Rutland herald (Rutland, Vt. : 1855)</subfield></datafield><datafield ind1="1" ind2="7" tag="785"><subfield code="t">Rutland weekly globe</subfield></datafield><datafield ind1="1" ind2="7" tag="785"><subfield code="t">Rutland weekly herald &amp; globe</subfield></datafield><datafield ind1="4" ind2="0" tag="856"><subfield code="u">http://chroniclingamerica.loc.gov/lccn/sn84022367/issues/</subfield></datafield></record>